<collection xmlns="http://www.loc.gov/MARC21/slim"><record><leader>00819nam  2200229   450</leader><controlfield tag="001">654</controlfield><controlfield tag="003">http://montalegre.opacnet.com/OPAC/default.aspx?ContentAreaControl=ShowRegHoldings.ascx&amp;RegNo=16662</controlfield><datafield tag="021" ind1=" " ind2=" "><subfield code="a">PT</subfield><subfield code="b">16092/87</subfield></datafield><datafield tag="095" ind1=" " ind2=" "><subfield code="a">PTBN00130586</subfield></datafield><datafield tag="100" ind1=" " ind2=" "><subfield code="a">19881121d1988    mc y0pora010305  ba</subfield></datafield><datafield tag="101" ind1="0" ind2=" "><subfield code="a">por</subfield></datafield><datafield tag="102" ind1=" " ind2=" "><subfield code="a">PT</subfield></datafield><datafield tag="200" ind1="1" ind2=" "><subfield code="a">&lt;Uma &gt;viagem no verde</subfield><subfield code="f">José Jorge Letria</subfield><subfield code="g">il. Henrique Cayatte</subfield></datafield><datafield tag="210" ind1=" " ind2=" "><subfield code="a">Lisboa</subfield><subfield code="c">Vega</subfield><subfield code="d">D.L. 1987</subfield></datafield><datafield tag="215" ind1=" " ind2=" "><subfield code="a">30 p.</subfield><subfield code="c">il.</subfield><subfield code="d">24 cm</subfield></datafield><datafield tag="225" ind1="2" ind2=" "><subfield code="a">Grandes pequeninos</subfield><subfield code="v">1</subfield></datafield><datafield tag="325" ind1=" " ind2=" "><subfield code="a">Texto em braille. - Lisboa : Centro de produção de material, 1987. - 1 vol., integral ; 24 cm????</subfield></datafield><datafield tag="675" ind1=" " ind2=" "><subfield code="a">087.5</subfield><subfield code="v">BN</subfield><subfield code="z">por</subfield></datafield><datafield tag="700" ind1=" " ind2="1"><subfield code="a">Letria</subfield><subfield code="b">José Jorge</subfield><subfield code="f">1951-</subfield></datafield><datafield tag="702" ind1=" " ind2="1"><subfield code="a">Cayatte</subfield><subfield code="b">Henrique</subfield><subfield code="f">1957-</subfield><subfield code="4">440</subfield></datafield><datafield tag="801" ind1=" " ind2="0"><subfield code="a">PT</subfield><subfield code="b">Biblioteca Municipal de Montalegre</subfield><subfield code="g">RPC</subfield></datafield><datafield tag="856" ind1=" " ind2=" "><subfield code="u">locateMedia.asp?cod=20060523100809&amp;ext=jpg</subfield><subfield code="z">CAPA</subfield></datafield><datafield tag="909" ind1="&#9;" ind2=" "><subfield code="a">1</subfield></datafield><datafield tag="966" ind1=" " ind2=" "><subfield code="a">0001577</subfield><subfield code="l">BMM</subfield><subfield code="s">SI 82-93 LET uma 1</subfield></datafield></record></collection>